@InProceedings{koehn-EtAl:2007:PosterDemo,
  author    = {Koehn, Philipp  and  Hoang, Hieu  and  Birch, Alexandra  and  Callison-Burch, Chris  and  Federico, Marcello  and  Bertoldi, Nicola  and  Cowan, Brooke  and  Shen, Wade  and  Moran, Christine  and  Zens, Richard  and  Dyer, Chris  and  Bojar, Ond{\v{r}}ej  and  Constantin, Alexandra  and  Herbst, Evan},
  title     = "{Moses: Open Source Toolkit for Statistical Machine Translation}",
  booktitle = {ACL 2007, Proceedings of the 45th Annual Meeting of the Association for Computational Linguistics Companion Volume Proceedings of the Demo and Poster Sessions},
  month     = {June},
  year      = {2007},
  address   = {Prague, Czech Republic},
  publisher = {Association for Computational Linguistics},
  pages     = {177--180},
  url       = {http://www.aclweb.org/anthology/P/P07/P07-2045}
}

@inproceedings{pharaoh:2004,
  author    = {Philipp Koehn},
  title     = "{Pharaoh: A Beam Search Decoder for Phrase-Based Statistical
               Machine Translation Models}",
  booktitle = {AMTA},
  year      = {2004},
  pages     = {115-124},
  ee        = {http://springerlink.metapress.com/openurl.asp?genre=article{\&}issn=0302-9743{\&}volume=3265{\&}spage=115},
  crossref  = {DBLP:conf/amta/2004},
  bibsource = {DBLP, http://dblp.uni-trier.de}
}

@proceedings{DBLP:conf/amta/2004,
  editor    = {Robert E. Frederking and
               Kathryn Taylor},
  title     = {Machine Translation: From Real Users to Research, 6th Conference
               of the Association for Machine Translation in the Americas,
               AMTA 2004, Washington, DC, USA, September 28-October 2,
               2004, Proceedings},
  booktitle = {AMTA},
  publisher = {Springer},
  series    = {Lecture Notes in Computer Science},
  volume    = {3265},
  year      = {2004},
  isbn      = {3-540-23300-8},
  bibsource = {DBLP, http://dblp.uni-trier.de}
}

@inproceedings{koehn:haddow:2009,
  title = {{Interactive Assistance to Human Translators using Statistical Machine Translation Methods}},
  author = {Philipp Koehn and Barry Haddow},
  booktitle = {MT Summit XII},
  year = {2009},
}


